<?xml version="1.0" encoding="UTF-8"?><collection xmlns="http://www.loc.gov/MARC21/slim"><record><leader>00606nam--2200193-i-4500</leader><controlfield tag="001">000043616</controlfield><controlfield tag="002">20161230</controlfield><controlfield tag="005">20161230201044</controlfield><controlfield tag="008">060222s1000------------r-----000-0-eng-d</controlfield><datafield ind1=" " ind2=" " tag="040"><subfield code="a">IFIN-HH</subfield></datafield><datafield ind1=" " ind2=" " tag="080"><subfield code="a">53</subfield></datafield><datafield ind1="1" ind2=" " tag="100"><subfield code="a">Strong, John., Neher, Victor H</subfield></datafield><datafield ind1="1" ind2="0" tag="245"><subfield code="a">Procedures in experimental physics illustrated by roger hayward</subfield><subfield code="c">John strong, h.victor neher, albert e.whitford, c.hawley cartwright</subfield></datafield><datafield ind1=" " ind2=" " tag="260"><subfield code="a">New York</subfield><subfield code="b">Prentice Hall</subfield><subfield code="c">1948</subfield></datafield><datafield ind1=" " ind2=" " tag="300"><subfield code="a">X+642P</subfield></datafield><datafield ind1=" " ind2=" " tag="490"><subfield code="a">Prentice=hall Physics Series</subfield></datafield><datafield ind1="1" ind2=" " tag="700"><subfield code="a">Cartwright, C. Hawley</subfield></datafield><datafield ind1=" " ind2=" " tag="852"><subfield code="a">1596</subfield><subfield code="c">53.08</subfield></datafield><datafield ind1=" " ind2=" " tag="CAT"><subfield code="a">Sys</subfield><subfield code="c">20151026</subfield><subfield code="h">102626</subfield></datafield></record></collection>